<?xml version="1.0" encoding="UTF-8"?><collection xmlns="http://www.loc.gov/MARC21/slim"><record><leader>00558nam--2200205-i-4500</leader><controlfield tag="001">000014734</controlfield><controlfield tag="002">20161230</controlfield><controlfield tag="005">20170114223132</controlfield><controlfield tag="008">060222s1000------------r-----000-0-fre-d</controlfield><datafield ind1=" " ind2=" " tag="040"><subfield code="a">IFIN-HH</subfield></datafield><datafield ind1=" " ind2=" " tag="041"><subfield code="a">fre</subfield></datafield><datafield ind1=" " ind2=" " tag="080"><subfield code="a">531(075.8)</subfield></datafield><datafield ind1="1" ind2=" " tag="100"><subfield code="a">Cabannes, Henri</subfield></datafield><datafield ind1="1" ind2="0" tag="245"><subfield code="a">Cours de mecanique generale</subfield><subfield code="b">Propedeutique et licence</subfield><subfield code="c">Henri Cabannes</subfield></datafield><datafield ind1=" " ind2=" " tag="250"><subfield code="a">Deuxieme Edition</subfield></datafield><datafield ind1=" " ind2=" " tag="260"><subfield code="a">Paris</subfield><subfield code="b">Dunod</subfield><subfield code="c">1966</subfield></datafield><datafield ind1=" " ind2=" " tag="300"><subfield code="a">XVII + 433 p</subfield></datafield><datafield ind1=" " ind2=" " tag="490"><subfield code="a">Collection Universitaire De Mathematiques</subfield></datafield><datafield ind1=" " ind2=" " tag="852"><subfield code="a">75367</subfield><subfield code="c">531</subfield></datafield><datafield ind1=" " ind2=" " tag="CAT"><subfield code="a">SYS</subfield><subfield code="c">20170114</subfield><subfield code="h">223132</subfield></datafield></record></collection>